<record><leader>00000cas a2200000Ma 4500</leader><controlfield tag="001">192097348</controlfield><controlfield tag="008">850325d18691870ncudn ne      0    0eng  </controlfield><datafield ind1=" " ind2=" " tag="010"><subfield code="a">sn 85042145 </subfield></datafield><datafield ind1=" " ind2=" " tag="040"><subfield code="a">DLC</subfield><subfield code="b">eng</subfield><subfield code="c">AQM</subfield><subfield code="d">OCLCQ</subfield></datafield><datafield ind1="0" ind2=" " tag="130"><subfield code="a">Daily standard (Raleigh, N.C. : 1869)</subfield></datafield><datafield ind1="1" ind2="4" tag="245"><subfield code="a">The daily standard.</subfield></datafield><datafield ind1=" " ind2=" " tag="260"><subfield code="a">Raleigh, N.C. :</subfield><subfield code="b">M.S. Littlefield,</subfield><subfield code="c">-1870.</subfield></datafield><datafield ind1=" " ind2=" " tag="300"><subfield code="a">v. ;</subfield><subfield code="c">63 cm.</subfield></datafield><datafield ind1=" " ind2=" " tag="310"><subfield code="a">Daily (except Sun.)</subfield></datafield><datafield ind1="0" ind2=" " tag="362"><subfield code="a">-v. 5, no. 289 (Dec. 24, 1870).</subfield></datafield><datafield ind1="1" ind2=" " tag="362"><subfield code="a">Began with Aug. 17, 1869 issue.</subfield><subfield code="z">Cf. Amer. newspapers, 1821-1936.</subfield></datafield><datafield ind1=" " ind2=" " tag="500"><subfield code="a">Publishers: M.S. Littlefield, &lt;1869&gt;; W.A. Smith &amp; Co., &lt;1870&gt;.</subfield></datafield><datafield ind1=" " ind2=" " tag="588"><subfield code="a">Description based on: Vol. 3, no. 499 (Aug. 23, 1869).</subfield></datafield><datafield ind1=" " ind2="7" tag="655"><subfield code="a">Newspapers.</subfield><subfield code="2">rbgenr</subfield></datafield><datafield ind1=" " ind2=" " tag="752"><subfield code="a">United States</subfield><subfield code="b">North Carolina</subfield><subfield code="c">Wake</subfield><subfield code="d">Raleigh.</subfield></datafield><datafield ind1="0" ind2=" " tag="775"><subfield code="t">Weekly North-Carolina standard (Raleigh, N.C. : 1866)</subfield><subfield code="w">(DLC)sn 85042148</subfield></datafield><datafield ind1="0" ind2=" " tag="775"><subfield code="t">Semi-weekly standard (Raleigh, N.C.)</subfield><subfield code="w">(DLC)sn 83045450</subfield></datafield><datafield ind1="0" ind2="0" tag="780"><subfield code="t">North Carolina standard (Raleigh, N.C. : 1868 : Daily)</subfield><subfield code="w">(DLC)sn 85042144</subfield></datafield></record>